@article{auditingprivacy,
  title={Auditing Privacy for Cloud-Based EHR Systems},
  author={Sinclair, Jonathan and Hudzia, Benoit and Stewart, Alan},
  journal={Cloud Computing Applications for Quality Health Care Delivery},
  pages={116},
  year={2014},
  publisher={IGI Global}
}

@article{ehrbook,
  title={Electronic Health Records},
  author={Julien, Stephen P.},
  journal={Public Health Informatics and Information Systems},
  pages={173},
  year={2014},
  publisher={Springer}
}
